@MISC{article,
    author = {Thomas Zimmermann and Rahul Premraj and Andreas Zeller},
    title = {Predicting Defects for Eclipse  [Revised for Dataset Version 2.0a]},
    howpublished = {\url{www.st.cs.uni-saarland.de/softevo/bug-data/eclipse/promise2007-dataset-20a.pdf}},
    note = {Online; accessed 10 October 2018} ,
}